@misc{pathak2023pump,
      title={Pump It Up: Predict Water Pump Status using Attentive Tabular Learning}, 
      author={Karan Pathak and L Shalini},
      year={2023},
      eprint={2304.03969},
      archivePrefix={arXiv},
      primaryClass={cs.LG}
}

@article{Pham_2018,
  title={Pump It Up: Mining the Water Table},
  author={Alex Pham and Ben Backus and Lauren Zhu},
  year={2018},
  journal={Stanford Machine Learning Projects 2018}}

@misc{Paul_2023,
  title={PUMP IT UP - Data Mining the Water Table},
  author={Paul, Jithin},
  howpublished={\url{https://jitpaul.blog/2017/07/12/pump-it-up/}},
  note={Accessed: 2023-04-28}}

@article{Mahabub2020,
  author={Atik Mahabub},
  year={2020},
  title={A robust technique of fake news detection using Ensemble Voting Classifier and comparison with other classifiers},
  journal={SN Applied Sciences},
  url={UR  - https://doi.org/10.1007/s42452-020-2326-y},
  doi={0.1007/s42452-020-2326-y}}

@misc{seaborn,
  title={Seaborn: statistical data visualization},
  author={Micheal Waskom},
  howpublished={\url{https://seaborn.pydata.org/}},
  note={Accessed: 2023-04-24}}

@misc{pandas,
  title={Pandas: Python Data Analysis Library},
  howpublished={\url{https://pandas.pydata.org/}},
  note={Accessed: 2023-04-24}}

@misc{wandb,
  title={Weights and Biases},
  howpublished={\url{https://wandb.ai/}},
  note={Accessed: 2023-04-24}}

@article{smote-enn,
  author={G. Batista and R. C. Prati and M. C. Monard},
  title={“A study of the behavior of several methods for balancing machine learning training data”},
  journal={ACM Sigkdd Explorations Newsletter 6 (1), 20-29},
  year={2004}}

@misc{tawasanet,
  title={Tanzania Water and Sanitation Network},
  howpublished={\url{http://www.tawasanet.or.tz/index.php}},
  note={Accessed: 2023-04-25}}

@misc{gridsearch,
  title={GridSearchCV},
  howpublished={\url{https://scikit-learn.org/stable/modules/generated/sklearn.model_selection.GridSearchCV.html}},
  note={Accessed: 2023-04-25}}
